<?xml version="1.0" encoding="UTF-8"?><collection xmlns="http://www.loc.gov/MARC21/slim"><record><leader>00421nam--2200133-i-4500</leader><controlfield tag="001">000017327</controlfield><controlfield tag="002">20161230</controlfield><controlfield tag="005">20161230201032</controlfield><controlfield tag="008">060222s1000------------r-----000-0-eng-d</controlfield><datafield ind1=" " ind2=" " tag="100"><subfield code="a">Blumenfield, Lev A</subfield></datafield><datafield ind1=" " ind2=" " tag="245"><subfield code="a">Tikohonov, alexander n</subfield></datafield><datafield ind1=" " ind2=" " tag="260"><subfield code="a">Biophysical Thermodynamics Of Intracellular Pr Ocesses. Molecular Machines Of The Living Cell</subfield></datafield><datafield ind1=" " ind2=" " tag="490"><subfield code="a">New York, Springer-verlag, 1994. Viii + 177 P</subfield></datafield><datafield ind1=" " ind2=" " tag="852"><subfield code="a">536.7:577</subfield></datafield></record></collection>